@article{aulchenko_2007,
  Author = {Aulchenko, YS and Ripke, S and Isaacs, A and Van Duijn, CM},
	Journal = {Bioinformatics},
	Number = {23},
	Pages = {1294--1296},
	Title = {{GenABEL: an R library for genome-wide association analysis}},
	Volume = {10},
	Year = {2007}}

@article{tengvall_2012,
  Author = {Tengvall, K and Kierczak, M and Bergvall, K and Olsson, M and Frankowiack, M and Farias, FHG and Pielberg, G and Carlborg, Ö and Leeb, T and Andersson, G and Hammarström, L and Hedhammar, Å and Lindblad-Toh, K},
	Journal = {PLoS genetics},
	Month = {may},
	Number = {5},
	Pages = {e1003475},
	Title = {{Genome-wide analysis in German shepherd dogs reveals association of a locus on CFA 27 with atopic dermatitis.}},
	Volume = {9},
	Year = {2013}}

@book{casella_2002,
  title={Statistical Inference},
  author={Casella, G and Berger, RL},
  isbn={9780534243128},
  lccn={2001025794},
  series={Duxbury advanced series in statistics and decision sciences},
  url={http://books.google.se/books?id=0x\_vAAAAMAAJ},
  year={2002},
  publisher={Thomson Learning}
}

@article{belonogova_2013,
author = {Belonogova, NM and Svishcheva, GR and van Duijn, CM and Aulchenko, YS and Axenovich, TI},
title = {{Region-based association analysis of human quantitative traits in related individuals.}},
journal = {PloS one},
year = {2013},
volume = {8},
number = {6},
pages = {e65395}
}

@article{young_2008,
author = {Young, AC and Kirkness, EF and Breen, M},
title = {{Tackling the characterization of canine chromosomal breakpoints with an integrated in-situ/in-silico approach: the canine PAR and PAB.}},
journal = {Chromosome research : an international journal on the molecular, supramolecular and evolutionary aspects of chromosome biology},
year = {2008},
volume = {16},
number = {8},
pages = {1193--1202}
}

@article{kent_2002,
author = {Kent, WJ and Sugnet, CW and Furey, TS and Roskin, KM},
title = {{The human genome browser at UCSC}},
journal = {Genome Research},
number = {12},
pages = {996--1006},
year = {2002}
}

@article{shen_2012,
  Author = {Shen, X and Pettersson, M and Rönnegård, L and Carlborg, Ö},
	Journal = {PLoS genetics},
	Number = {8},
	Pages = {e1002839},
	Title = {{Inheritance beyond plain heritability: variance-controlling genes in Arabidopsis thaliana}},
	Volume = {8},
	Year = {2012}}

@article{shen_2013,
	Author = {Shen, X and Alam, M and Fikse, F and Rönnegård, L},
	Journal = {Genetics},
	Number = {4},
	Pages = {1255--1268},
	Title = {{A novel generalized ridge regression method for quantitative genetics}},
	Volume = {193},
	Year = {2013}}
